@book{Kerzner2017,
  title={Project Management: A Systems Approach to Planning, Scheduling, and Controlling},
  author={Kerzner, Harold},
  year={2017},
  publisher={Wiley},
  edition={12th}
}

@book{PMI2021,
  title={A Guide to the Project Management Body of Knowledge (PMBOK Guide)},
  author={{Project Management Institute}},
  year={2021},
  edition={7th},
  publisher={PMI}
}

@book{Goldberg1989,
  title={Genetic Algorithms in Search, Optimization, and Machine Learning},
  author={Goldberg, David E.},
  year={1989},
  publisher={Addison-Wesley}
}

@book{Mitchell1998,
  title={An Introduction to Genetic Algorithms},
  author={Mitchell, Melanie},
  year={1998},
  publisher={MIT Press}
}

@book{Vose2008,
  title={Risk Analysis: A Quantitative Guide},
  author={Vose, David},
  year={2008},
  publisher={John Wiley \& Sons}
}

@book{Law2015,
  title={Simulation Modeling and Analysis},
  author={Law, Averill M.},
  year={2015},
  edition={5th},
  publisher={McGraw-Hill Education}
}

@article{Gandomi2013,
  title={Metaheuristic algorithms in modeling and optimization},
  author={Gandomi, Amir H. and Yang, Xin-She and Talatahari, Siamak and Alavi, Amir H.},
  journal={Applied Soft Computing},
  volume={13},
  number={1},
  pages={1--11},
  year={2013},
  publisher={Elsevier}
}

@article{Kaveh2012,
  title={A comparative study of metaheuristic optimization algorithms for optimal design of truss structures},
  author={Kaveh, A. and Talatahari, S.},
  journal={Computers \& Structures},
  volume={102},
  pages={66--75},
  year={2012},
  publisher={Elsevier}
}

@article{Miller2009,
  title={Project risk management using Monte Carlo simulation},
  author={Miller, Roger and Lessard, Donald},
  journal={Project Management Journal},
  volume={40},
  number={3},
  pages={23--33},
  year={2009},
  publisher={Wiley}
}

@article{Avlijas2008,
  author={Avlijaš, Gordana and Grabiński, Krzysztof and Milinković, Dragana},
  title={Using Monte Carlo Simulation in Project Management},
  journal={Management - Journal of Sustainable Business and Management Solutions in Emerging Economies},
  volume={13},
  number={47},
  pages={33--38},
  year={2008},
  url={https://doi.org/10.7595/management.fon.2008.0003}
}

@article{Glover1986,
  title={Future paths for integer programming and links to artificial intelligence},
  author={Glover, Fred},
  journal={Computers \& Operations Research},
  volume={13},
  number={5},
  pages={533--549},
  year={1986}
}

@book{Rubinstein2016,
  title={Simulation and the Monte Carlo Method},
  author={Rubinstein, Reuven Y. and Kroese, Dirk P.},
  year={2016},
  edition={3rd},
  publisher={Wiley}
}

@book{Kellerer2004,
  title={Knapsack Problems},
  author={Kellerer, Hans and Pferschy, Ulrich and Pisinger, David},
  year={2004},
  publisher={Springer}
}

@article{Malcolm1959,
  title={Application of a Technique for Research and Development Program Evaluation},
  author={Malcolm, D. G. and Roseboom, J. H. and Clark, C. E. and Fazar, W.},
  journal={Operations Research},
  volume={7},
  number={5},
  pages={646--669},
  year={1959}
}

@book{Hillson2009,
  title={Managing Risk in Projects},
  author={Hillson, David},
  year={2009},
  publisher={Routledge}
}

@book{Smith2014,
  title={Project Uncertainty: Managing Risk in New Ventures},
  author={Smith, Pete},
  year={2014},
  publisher={Routledge}
}

@article{Deb2002,
  title={A Fast and Elitist Multiobjective Genetic Algorithm: NSGA-II},
  author={Deb, Kalyanmoy and Pratap, Amrit and Agarwal, Sameer and Meyarivan, T.},
  journal={IEEE Transactions on Evolutionary Computation},
  volume={6},
  number={2},
  pages={182--197},
  year={2002}
}

@article{Metropolis1949,
  title={Equation of State Calculations by Fast Computing Machines},
  author={Metropolis, Nicholas and Rosenbluth, Arianna W. and Rosenbluth, Marshall N. and Teller, Augusta H. and Teller, Edward},
  journal={The Journal of Chemical Physics},
  volume={21},
  number={6},
  pages={1087--1092},
  year={1949}
}

@book{GareyJohnson1979,
  title={Computers and Intractability: A Guide to the Theory of NP-Completeness},
  author={Garey, Michael R. and Johnson, David S.},
  year={1979},
  publisher={W. H. Freeman}
}

@article{Zhang2011,
  author = {Zhang, Wei and Li, Ming},
  title = {An Efficient Algorithm for Project Scheduling under Uncertainty},
  journal = {International Journal of Project Management},
  volume = {29},
  number = {5},
  pages = {567--574},
  year = {2011},
  publisher = {Elsevier},
  doi = {10.1016/j.ijproman.2010.07.004}
}


@book{Holland1975,
  author = {Holland, John H.},
  title = {Adaptation in Natural and Artificial Systems},
  year = {1975},
  publisher = {University of Michigan Press},
  address = {Ann Arbor, MI},
  edition = {1st}
}
